@online{holacracy,
  title   = {Holacracy Constitution v5.0},
  urldate = {2023-04-06},
  date    = {2021-06},
  author  = {{HolacracyOne LLC}},
  url     = {https://www.holacracy.org/wp-content/uploads/2023/04/Holacracy-Constitution-5.0.pdf}
}

@online{netbox_custom_fields,
  author  = {{NetBox}},
  title   = {Custom Fields},
  date    = {2023-02-28},
  urldate = {2023-08-09},
  url     = {https://github.com/netbox-community/netbox/blob/551796/docs/customization/custom-fields.md}
}

@online{openapi_generator,
  date   = {2023-07-18},
  author = {{OpenAPI-Generator bijdragers}},
  title  = {Generators List | OpenAPI Generator},
  url    = {https://openapi-generator.tech/docs/generators}
}

@online{gocollect,
  date    = {2023-03-31},
  urldate = {2023-08-28},
  title   = {ossobv/gocollect: Data collector using go, periodically posts json to a REST api},
  url     = {https://github.com/ossobv/gocollect/tree/v0.8.13},
  author  = {{ossobv}}
}

@online{preact,
  date    = {2022-01-02},
  urldate = {2023-08-30},
  title   = {Preact: Fast 3kb React alternative with the same ES6 API. Components \& Virtual DOM.},
  url     = {https://preactjs.com/},
  author  = {{Preact bijdragers}}
}

@misc{hbo_i,
  date   = {2023-08-27},
  author = {{HBO-i stichting}},
  title  = {HBO-i-domeinbeschrijving 2018}
}

@misc{feedbackformulier_professioneel_handelen,
  date   = {2023-09},
  author = {Henk Bokhoven, Hans Adema},
  title  = {Feedbackformulier professioneel handelen}
}

% Missing date is intentional
@article{handleiding_afstudeerproject,
  author = {{Hanzehogeschool Groningen}},
  title  = {Handleiding afstudeerproject HBO-ICT versie 2.2.1},
  date   = {}
}

% Self-citations

@misc{research_report,
  author = {Marijn Kok},
  title  = {Praktijkonderzoek dashboard Single Source of Truth},
  date   = {2023-09}
}

@misc{specificaties,
  author = {Marijn Kok},
  title  = {Te verzamelen specificaties},
  date   = {2023-03-17}
}

@misc{projectplan,
  author = {Marijn Kok},
  title  = {Projectplan SSOT},
  date   = {2023}
}

@misc{risks,
  author = {Marijn Kok},
  title  = {Risicomatrix},
  date   = {2023-08-07}
}

@misc{backlog,
  author = {Marijn Kok},
  title  = {Backlog},
  date   = {2023-08-07}
}

@misc{four_plus_one_model,
  author = {Marijn Kok},
  title  = {4+1 model views},
  date   = {2023-09}
}
