@article{architectural_blueprints,
  journal = {IEEE Software},
  title   = {The 4+1 View Model of architecture},
  number  = {6},
  doi     = {10.1109/52.469759},
  author  = {Kruchten, P.B.},
  pages   = {42-50},
  volume  = {12},
  date    = {1995}
}

@misc{user_stories,
  author = {Marijn Kok},
  title  = {User Stories},
  date   = {2023}
}
