@book{good_research_guide,
  title     = {The good research guide: for small-scale research projects},
  author    = {Denscombe, Martyn},
  publisher = {Open University Press Maidenhead, Berkshire},
  isbn      = {9780335264711, 0335264719},
  year      = {2014},
  series    = {Open UP study skills},
  edition   = {5},
  url       = {https://worldcat.org/title/900306263}
}

@article{handreiking_aanpak_en_onderzoek,
  author = {J. Balj√©, W. Nijdam},
  title  = {Handreiking Aanpak en Onderzoek},
  year   = {2023}
}
